@article{Agostinho2018,
  title = {Simple-jet mode electrosprays with water. Description,  characterization and application in a single effect evaporation chamber},
  volume = {125},
  ISSN = {0021-8502},
  url = {http://dx.doi.org/10.1016/j.jaerosci.2018.04.010},
  DOI = {10.1016/j.jaerosci.2018.04.010},
  journal = {Journal of Aerosol Science},
  publisher = {Elsevier BV},
  author = {Agostinho,  L.L.F. and Bos,  B. and Kamau,  A. and Brouwer,  S.P. and Fuchs,  E.C. and Marijnissen,  J.C.M.},
  year = {2018},
  month = nov,
  pages = {237–250}
}

@article{Verdoold2014,
  title = {A generic electrospray classification},
  volume = {67},
  ISSN = {0021-8502},
  url = {http://dx.doi.org/10.1016/j.jaerosci.2013.09.008},
  DOI = {10.1016/j.jaerosci.2013.09.008},
  journal = {Journal of Aerosol Science},
  publisher = {Elsevier BV},
  author = {Verdoold,  S. and Agostinho,  L.L.F. and Yurteri,  C.U. and Marijnissen,  J.C.M.},
  year = {2014},
  month = jan,
  pages = {87–103}
}