%% This BibTeX bibliography file was created using BibDesk.
%% http://bibdesk.sourceforge.net/

@book{sysml-practical-guide,
	Address = {Massachusetts, United States of America},
	Author = {Sanford Friedenthal and Alan Moore and Rick Steiner},
	Edition = {2},
	Publisher = {Morgan Kaufman Publishers},
	Title = {A Practical Guide to SysML - The Systems Modelling Language},
	Year = {2012}}

@book{se-with-sysml,
	Address = {Massachusetts, United States of America},
	Author = {Tim Weilkiens},
	Edition = {1},
	Publisher = {Morgan Kaufman Publishers},
	Title = {Systems Engineering with SysML / UML},
	Year = {2007}}

@phdthesis{geerse2003,
	Address = {Delft, The Netherlands},
	Author = {Kees Bert Geerse},
	School = {Technische Universiteit Delft},
	Title = {Applications of Electrospray: from people to plants},
	Year = {2003}}

@phdthesis{hartman1998,
	Address = {Delft, The Netherlands},
	Author = {Robert Petrus Adrianus Hartman},
	School = {Technische Universiteit Delft},
	Title = {Electrohydrodynamic atomization in the cone-jet mode. {F}rom physical
	modeling to powder production},
	Year = {1998}}

@article{agostinho2018,
	Author = {L.L.F. Agostinho and B. Bos and A. Kamau and S.P. Brouwer and E.C. Fuchs},
	Journal = {Journal of Aerosol Science},
	Number = {125},
	Pages = {237-250},
	Title = {Simple-jet mode electrosprays with water. 
	{D}escription, characterization and application in a single effect evaporation chamber},
	Volume = {1},
	Url = {https://doi.org/10.1016/j.jaerosci.2018.04.010},
	Year = {2018}}

@article{balzekiene2008,
	Author = {A. Balžekiene, E. Butkevičiene and Audrone Telešiene},
	Journal = {Journal of Social Sciences / Socialiniai Mosklai},
	Number = {59},
	Pages = {71-80},
	Title = {Methodological Framework for Analyzing Social Impact of Technological
Innovations },
	Volume = {1},
	Url = {https://www.researchgate.net/publication/255903292_Methodological_framework_for_analyzing_social_impact_of_technological_innovations},
	Year = {2008}}

@article{verdoold2014,
	Author = {S. Verdoold and L.L.F. Agostinho and C.U. Yurteri and J.C.M; Marijnissen},
	Journal = {Journal of Aerosol Science},
	Number = {67},
	Pages = {87-103},
	Title = {A generic electrospray classification},
	Volume = {1},
	Url = {http://dx.doi.org/10.1016/j.jaerosci.2013.09.008},
	Year = {2014}}
@article{roselllampart2018,
	Author = {Joan Rosell-Llompart and Kordi Grifoll and Ignacio G. Loscertales},
	Journal = {Journal of Aerosol Science},
	Number = {125},
	Pages = {2-31},
	Title = {Electrosprays in the cone-jet mode: {F}rom Taylor cone formation to
spray development},
	Volume = {1},
	Url = {https://doi.org/10.1016/j.jaerosci.2018.04.008},
	Year = {2018}}

@article{ganancalvo2018,
	Author = {Alfonso M. Gañán-Calvo and José M. López-Herrera and Miguel A. Herrada and Antonio Ramos and José M. Montanero},
	Journal = {Journal of Aerosol Science},
	Number = {125},
	Pages = {32-56},
	Title = {Review on the physics of electrospray: From electrokinetics to the operating conditions of single and coaxial Taylor cone-jets, and AC electrospray},
	Volume = {1},
	Url = {https://doi.org/10.1016/j.jaerosci.2018.04.008},
	Year = {2018}}

@article{supriyanto2018,
	Author = {Amir Supriyanto and Rani Anggriani and Sri Wahyu Suciyati and Arif Surtonno and Junaidi and Sutopo Hadi},
	Journal = {Journal of Physical Science},
	Number = {32},
	Pages = {1-12},
	Title = {A Control System on the Syringe Pump Based on Arduino
for Electrospinning Application},
	Volume = {1},
	Url = {https://doi.org/10.21315/jps2021.32.1.1},
	Year = {2021}}


@article{moreira2024,
	Author = {K.S. Moreira and L.P. Di Bonito and K. Glanzer and F. Di Natale and L.L.F. Agostinho},
	Pages = {1-12},
	Title = {Electrohydrodynamic atomization: automatic classification and data
analysis},
	Year = {2024}}



@article{dokic2018,
	author = {Đokić, Dragoslav and Stanisavljević, Rade and Marković, Jordan and Milenkovic, Jasmina and Terzic, Dragan and Vasić, Tanja and Barać, Saša},
	year = {2018},
	month = {01},
	pages = {27-36},
	title = {Performance testing of field crop sprayers in the Rasina district},
	volume = {23},
	journal = {Acta agriculturae Serbica},
	doi = {10.5937/AASer1845027D}
}

@article{chaim-agro,
	Author = {Aldemir Chaim and Vera Lúcia Scherholz S. de Castro},
	Pages = {572-622},
	Title = {Tecnologias de Aplicação de Agrotóxicos},
	Journal = {Doenças de Fruteiras Tropicais de Interesse Agroindustrial},
	Year = {1989}}

@misc{abntex2-wiki-como-customizar,
	Author = {Lauro C{\'e}sar Araujo},
	Date-Added = {2013-03-23 21:39:21 +0000},
	Date-Modified = {2015-04-27 22:43:06 +0000},
	Howpublished = {Wiki do abnTeX2},
	Keywords = {wiki},
	Title = {Como customizar o abnTeX2},
	Url = {https://github.com/abntex/abntex2/wiki/ComoCustomizar},
	Urlaccessdate = {27 abr 2015},
	Year = {2015},
	Bdsk-Url-1 = {https://github.com/abntex/abntex2/wiki/ComoCustomizar}}

@misc{incose-vision-2020,
	Author = {INCOSE},
	Howpublished = {INCOSE San Diego},
	Title = {Systems Engineering Vision 2020	},
	Url = {https://sdincose.org/wp-content/uploads/2011/12/SEVision2020_20071003_v2_03.pdf},
	Urlaccessdate = {10 jan 2025},
	Year = {2007}}

@misc{who2020,
	Author = {{World Health Organization}},
	Title = {Guidelines for personal protection when handling and applying pesticides},
	Url = {https://iris.who.int/bitstream/handle/10665/330917/9789240000223-eng.pdf},
	Urlaccessdate = {02 jul 2025},
	Year = {2020}}

@misc{dr-dflo2017,
	Author = {David Florian},
	Title = {DIY Syringe Pump},
	Url = {https://www.drdflo.com/pages/Projects/Syringe-Pump.html},
	Urlaccessdate = {15 jan 2025},
	Year = {2017}}

@misc{hv-probe-datasheet,
	Author = {{TESTEC Elektronik GmbH}},
	Title = {User's Guide TESTEC High Voltage Probe TT-HVP 40},
	Url = {https://docs.rs-online.com/8436/0900766b8014146e.pdf},
	Urlaccessdate = {13 jan 2025},
	Year = {2015}}

@misc{eu-proposal,
	Author = {{EPRS | European Parliamentary Research Service}},
	Title = {Sustainable use of plant protection products},
	Url = {https://www.europarl.europa.eu/RegData/etudes/BRIE/2022/739218/EPRS_BRI(2022)739218_EN.pdf},
	Urlaccessdate = {21 jan 2025},
	Year = {2022}}

@misc{carta-schouten,
	Author = {Carola Schouten},
	Title = {Kamerbrief uitvoeringsprogramma Toekomstvisie Gewasbescherming 2030},
	Url = {https://open.overheid.nl/documenten/ronl-e6da4700-4552-43d3-a58e-04defe0cb441/pdf},
	Urlaccessdate = {21 jan 2025},
	Year = {2020}}

@misc{a50p-5,
	Author = {{XP Power}},
	Title = {A Series DC-HVDC Converter},
	Url = {https://www.xppower.com/portals/0/pdfs/SF_A_Series.pdf},
	Urlaccessdate = {14 jan 2025},
	Year = {2024}}

% ------- EXAMPLES --------

@mastersthesis{macedo2005,
	Author = {Fl{\'a}via L. Macedo},
	Date-Added = {2012-04-23 11:35:13 +0000},
	Date-Modified = {2012-04-23 11:35:13 +0000},
	Keywords = {arquitetura da informa{\c c}{\~a}o},
	School = {Universidade de Bras{\'\i}lia},
	Title = {Arquitetura da Informa{\c c}{\~a}o: aspectos espistemol{\'o}gicos, cient{\'\i}ficos e pr{\'a}ticos.},
	Type = {Disserta{\c c}{\~a}o de Mestrado},
	Year = {2005}}

@manual{EIA649B,
	Address = {EUA},
	Date-Added = {2012-04-23 11:34:59 +0000},
	Date-Modified = {2012-04-23 11:34:59 +0000},
	Keywords = {norma},
	Month = {June},
	Organization = {TechAmerica},
	Title = {ANSI/EIA 649-B: Configuration Management Standard},
	Year = {2011}}

@inproceedings{masolo2010,
	Author = {Claudio Masolo},
	Booktitle = {Proceedings of the Twelfth International Conference on the Principles of Knowledge Representation and Reasoning (KR 2010)},
	Date-Added = {2012-04-23 11:34:38 +0000},
	Date-Modified = {2012-04-23 11:34:38 +0000},
	Editor = {Lin, F. and Sattler, U.},
	Pages = {258-268},
	Publisher = {AAAI Press},
	Title = {Understanding Ontological Levels},
	Url = {http://wiki.loa-cnr.it/Papers/kr10v0.7.pdf},
	Urlaccessdate = {2 jan. 2012},
	Year = {2010},
	Bdsk-Url-1 = {http://wiki.loa-cnr.it/Papers/kr10v0.7.pdf}}

@inbook{guarino1995,
	Address = {Vienna},
	Author = {Nicola Guarino},
	Booktitle = {Philosophy and the Cognitive Science},
	Date-Added = {2012-04-23 11:34:29 +0000},
	Date-Modified = {2012-04-23 11:34:29 +0000},
	Editor = {R. Casati and B. Smith and G. White},
	Month = {Sept.},
	Pages = {443-456},
	Publisher = {Holder-Pivhler-Tempsky},
	Title = {The Ontological Level},
	Url = {http://wiki.loa-cnr.it/Papers/OntLev.pdf},
	Urlaccessdate = {2 jan. 2012},
	Year = {1995},
	Bdsk-Url-1 = {http://wiki.loa-cnr.it/Papers/OntLev.pdf}}

@incollection{bates2010,
	Address = {New York},
	Author = {Marcia J. Bates},
	Booktitle = {Encyclopedia of Library and Information Sciences},
	Date-Added = {2012-04-23 11:34:29 +0000},
	Date-Modified = {2012-04-23 11:34:29 +0000},
	Edition = {3rd},
	Editor = {Marcia J. Bates and Mary Niles Maack},
	Pages = {2347-2360},
	Publisher = {CRC Press},
	Title = {Information},
	Url = {http://pages.gseis.ucla.edu/faculty/bates/articles/information.html},
	Urlaccessdate = {24 out. 2011},
	Volume = {3},
	Year = {2010},
	Bdsk-Url-1 = {http://pages.gseis.ucla.edu/faculty/bates/articles/information.html}}

