
@article{Carrasco-Munoz2022,
title = {Monodisperse droplets and particles by efficient neutralization of electrosprays},
journal = {Journal of Aerosol Science},
volume = {160},
pages = {105909},
year = {2022},
issn = {0021-8502},
doi = {https://doi.org/10.1016/j.jaerosci.2021.105909},
url = {https://www.sciencedirect.com/science/article/pii/S0021850221006352},
author = {Antonio Carrasco-Munoz and Elena Barbero-Colmenar and Eszter Bodn√°r and Jordi Grifoll and Joan Rosell-Llompart},
keywords = {Droplets, Droplet to particle, Electrospray, Electrohydrodynamic atomization, Gas phase ions, Corona discharge, Electrical charge, Polymer nanoparticles, Polymer microparticles, Curcumin},
}

@article{Verdoold2013,
title = {A generic electrospray classification},
journal = {Journal of Aerosol Science},
volume = {67},
pages = {87-103},
year = {2013},
issn = {0021-8502},
doi = {https://doi.org/10.1016/j.jaerosci.2013.09.008},
url = {https://www.sciencedirect.com/science/article/pii/S0021850213002012},
author = {S. Verdoold and L.L.F; Agostinho and C.U. Yutteri and J.C.M. Marijnissen},
keywords = {ElectroHydroDynamicAtomization(EHDA),
Electrospray,
Sprayingmode,
Classification}
}

