@phdthesis{shannon1948communication,
  author = {Arthur Viana Lara},
  title = {Design of an Embedded System for a safety-critical architecture},
  journal = {Universidade Federal de Minas Gerais},
  year = {2019},
  type = {Dissertação de Mestrado},
}

